@inproceedings{cox2016midca,
  title=		{MIDCA: A Metacognitive, Integrated Dual-Cycle Architecture for Self-Regulated Autonomy.},
  author=		{Cox, Michael T and Alavi, Zohreh and Dannenhauer, Dustin and Eyorokon, Vahid and Munoz-Avila, Hector and Perlis, Don},
  booktitle=	{AAAI},
  pages=		{3712--3718},
  year=			{2016}
}
